@Misc{definice:neformalni,
author = {Lukáš Jirovský},
title = {Využití grafů},
note = {[Online], [cit. 2020-05-02]},
url = {https://teorie-grafu.cz/uvod/vyuziti-grafu.php}
}

@Misc{pseudo,
author = {Shun Yan Cheung},
title = {The Breadth First Search Graph traversal algorithm},
note = {[Online], [cit. 2020-05-02]},
url = {https://bit.ly/35ouLGl}
}

@Misc{complex,
author = {Wikipedia},
title = {Breadth-first search},
note = {[Online], [rev. 2020-04-27], [cit. 2020-05-02]},
url = {https://en.wikipedia.org/wiki/Breadth-first_search}
}