@Misc{web:medium,
author = {Kryštof Davídek},
title = {LaTeX -- Co, proč a jak},
note = {[Online], [rev. 2019-01-29], [cit. 2020-04-10]},
url = {https://link.medium.com/WWpl7GddA5}
}

@Misc{web:table,
author = {Zdeněk Moravec},
title = {LaTeX 5. -- Tabulky a boxy},
note = {[Online], [rev. 2015-06-22], [cit. 2020-04-10]},
url = {http://programujte.com/clanek/2015020700-latex-5-tabulky-a-boxy/}
}

@Misc{web:math,
author = {Tomáš Kalvoda},
title = {Jak psát matematické formule v LaTeXu},
note = {[Online], [rev. 2018-10-26], [cit. 2020-04-10]},
url = {https://marast.fit.cvut.cz/cs/blog_posts/2}
}

@Article{article:map,
author = {Aleš Kozubík},
title = {Mapy v LaTeXových dokumentoch -- predstavenie balíčka getmap},
journal = {Zpravodaj Československého sdružení uživatelů Texu},
year = {2017},
volume = {27},
number = {1--2},
pages = {101--109},
issn = {1211-6661},
}

@Article{article:math,
author = {Ferreira, M and Ren, G},
title = {Möbius gyrogroups: A Clifford algebra approach},
journal = {Journal of Algebra},
year = {2011},
volume = {328},
number = {1},
pages = {230--253},

issn = {0021-8693},
}


@Article{article:table,
author = {Li-Ye Xiao and Wei Shao and Zhi-Xin Yao and Shanshan Gao},
title = {Data Mining Techniques in Artificial Neural Network for UWB Antenna Design},
journal = {Radioengineering},
year = {2018},
volume = {27},
number = {1},
pages = {70--78},
issn = {1210-2512},
}

@InBook{book:rybicka,
author = {Jiří Rybička},
title = {LaTeX pro začátečníky},
chapter = {Sazba matematického textu},
publisher = {Konvoj},
year = {2003},
edition = {3},
pages = {239},
isbn = {80-7302-049-1},
}

@InBook{book:python,
author = {Severance, Charles R.},
title = {Python for everybody: exploring data in Python 3},
chapter = {Catching exceptions using try and except},
publisher = {CreateSpace Independent Publishing Platform},
year = {2016},
pages = {244},
isbn = {978-1530051120},
}

@MastersThesis{thesis:history,
author = {Jaroslav Divila},
title = {Revizní systém pro LaTeX},
school = {Vysoké učení technické v Brně},
year = {2010},
}

@MastersThesis{thesis:python,
author = {Erik Luňáček},
title = {Modelování vlastností mikroelektronických struktur},
school = {Vysoké učení technické v Brně},
year = {2009},
}
